<record><leader>00000cas a2200000 a 4500</leader><controlfield tag="001">10603121</controlfield><controlfield tag="008">840406d18371839dcuir ne      0    0eng c</controlfield><datafield ind1=" " ind2=" " tag="010"><subfield code="a">sn 84026740 </subfield></datafield><datafield ind1=" " ind2=" " tag="040"><subfield code="a">NPU</subfield><subfield code="b">eng</subfield><subfield code="c">NPU</subfield><subfield code="d">NPX</subfield><subfield code="d">DLC</subfield><subfield code="d">ONP</subfield><subfield code="d">CNW</subfield><subfield code="d">NVK</subfield><subfield code="d">NVJ</subfield><subfield code="d">DCN</subfield><subfield code="d">OCL</subfield><subfield code="d">DCN</subfield><subfield code="d">NYS</subfield><subfield code="d">DLC</subfield><subfield code="d">OCLCQ</subfield><subfield code="d">OCLCF</subfield><subfield code="d">OCLCO</subfield></datafield><datafield ind1="1" ind2=" " tag="029"><subfield code="a">AU@</subfield><subfield code="b">000020120819</subfield></datafield><datafield ind1=" " ind2=" " tag="042"><subfield code="a">pcc</subfield></datafield><datafield ind1=" " ind2=" " tag="043"><subfield code="a">n-us-dc</subfield></datafield><datafield ind1="0" ind2="0" tag="050"><subfield code="a">Newspaper 7298</subfield></datafield><datafield ind1="0" ind2="0" tag="245"><subfield code="a">Potomac advocate, and metropolitan intelligencer.</subfield></datafield><datafield ind1="1" ind2=" " tag="246"><subfield code="i">Issues for &lt;July 25, 1838&gt; published as:</subfield><subfield code="a">Potomac advocate and intelligencer</subfield></datafield><datafield ind1=" " ind2=" " tag="260"><subfield code="a">[Georgetown D.C.] :</subfield><subfield code="b">T. Turner,</subfield><subfield code="c">1837-1839.</subfield></datafield><datafield ind1=" " ind2=" " tag="300"><subfield code="a">v. ;</subfield><subfield code="c">62 cm.</subfield></datafield><datafield ind1=" " ind2=" " tag="310"><subfield code="a">Triweekly</subfield></datafield><datafield ind1="0" ind2=" " tag="362"><subfield code="a">Vol. 3, no. 85 (July 19, 1837)-v. 5, no. 44 (Apr. 15, 1839).</subfield></datafield><datafield ind1=" " ind2=" " tag="500"><subfield code="a">Publisher: C.C. Fulton &amp; John L. Smith, &lt;1838&gt;-1839.</subfield></datafield><datafield ind1=" " ind2=" " tag="500"><subfield code="a">Editors: Thomas Turner, &lt;1837&gt;; C.C. Fulton, &lt;1838&gt;-1839; John L. Smith, &lt;1838&gt;-1839.</subfield></datafield><datafield ind1=" " ind2=" " tag="500"><subfield code="a">Published as: Georgetown Advocate (April 21, 1835-July 17, 1837) ; Metropolitan (July 19, 1837-Apr. 15, 1839) ; Potomac Advocate and Metropolitan Intelligencer (Jan. 1-Feb. 12, 1838) ; Potomac Advocate and Georgetown Intelligencer (Apr.-Oct. 25, 1839) ; Georgetown Daily Advocate: semiweekly (Apr.-Dec. 2, 1835): daily (Oct. 28-Nov. 1, 1839).</subfield></datafield><datafield ind1="4" ind2=" " tag="510"><subfield code="a">Gregory, W. Amer. newspapers, 1821-1936</subfield><subfield code="c">p. 86</subfield></datafield><datafield ind1=" " ind2=" " tag="530"><subfield code="a">Also issued from the Library of Congress, Photoduplication Service.</subfield></datafield><datafield ind1=" " ind2="0" tag="651"><subfield code="a">Washington (D.C.)</subfield><subfield code="v">Newspapers.</subfield></datafield><datafield ind1=" " ind2="0" tag="651"><subfield code="a">Georgetown (Washington, D.C.)</subfield><subfield code="v">Newspapers.</subfield></datafield><datafield ind1=" " ind2="7" tag="655"><subfield code="a">Newspapers.</subfield><subfield code="2">fast</subfield><subfield code="0">(OCoLC)fst01423814</subfield></datafield><datafield ind1=" " ind2="7" tag="651"><subfield code="a">Washington (D.C.)</subfield><subfield code="2">fast</subfield><subfield code="0">(OCoLC)fst01204505</subfield></datafield><datafield ind1=" " ind2="7" tag="651"><subfield code="a">Washington (D.C.)</subfield><subfield code="z">Georgetown.</subfield><subfield code="2">fast</subfield><subfield code="0">(OCoLC)fst01314225</subfield></datafield><datafield ind1=" " ind2=" " tag="752"><subfield code="a">United States</subfield><subfield code="b">District of Columbia</subfield><subfield code="d">Washington.</subfield></datafield><datafield ind1=" " ind2=" " tag="752"><subfield code="a">United States</subfield><subfield code="b">District of Columbia</subfield><subfield code="d">Georgetown.</subfield></datafield><datafield ind1="0" ind2="0" tag="780"><subfield code="t">Metropolitan (Georgetown, D.C. : 1835)</subfield><subfield code="w">(DLC)sn 82014586</subfield><subfield code="w">(OCoLC)19820918</subfield></datafield><datafield ind1="0" ind2="0" tag="785"><subfield code="t">Potomac advocate and Georgetown intelligencer</subfield><subfield code="w">(DLC)sn 82014011</subfield><subfield code="w">(OCoLC)8771572</subfield></datafield></record>